1788 2876
645 313 943 353 APPENDIX

238 417 288 456 In
308 415 390 455 tuis
409 414 532 455 sacris
550 412 741 452 manibus
760 411 918 451 refulsit

237 481 396 522 Celitus
414 481 565 529 lumen,
586 478 840 529 refluensque
859 477 988 517 crevit

238 548 304 588 Ad
323 553 416 587 tuos
434 546 608 585 haustus
626 545 704 584 olei
722 544 930 595 liquamen

395 612 539 652 Fontis
557 611 611 651 ad
628 611 772 651 instar.

238 679 472 720 Condolens
491 684 661 717 cunctos
678 677 821 728 inopes
839 676 1022 724 fovebat,

238 745 473 797 Languidos
491 757 640 784 sanans
660 743 871 783 relevabat
889 754 1046 793 aegros:

239 813 383 853 Omnis
401 811 597 851 accedens
617 810 821 849 salubrem
840 808 1042 848 medelam

397 877 579 929 Sumpsit
599 877 651 916 ab
672 876 751 916 illo.

239 946 387 996 Tuque
407 944 622 995 Sylvinum
641 942 772 983 loculo
791 942 1010 993 jacentem,

241 1011 453 1051 Fratribus
473 1023 611 1049 coram
628 1009 817 1060 precibus
834 1008 1024 1059 peractis,

241 1078 382 1117 Morte
401 1077 565 1116 devicta
584 1076 712 1115 redire
732 1074 864 1114 fecisti
883 1074 936 1113 ad

400 1143 562 1184 Gaudia
581 1142 706 1182 vitae.

242 1211 391 1250 Cereos
410 1209 578 1248 flamma
596 1208 691 1247 fidei
710 1213 916 1247 cremante

243 1276 389 1327 Arguit
408 1281 574 1315 sanctus
592 1280 711 1326 pater
729 1273 928 1313 infideles:

243 1343 413 1393 Nosque
432 1342 718 1381 flammescunt
737 1340 903 1380 deitatis
921 1339 1014 1390 igne

400 1408 547 1459 Algida
566 1407 701 1447 corda.

243 1475 376 1526 Cujus
394 1475 448 1514 ad
467 1474 590 1514 funus
609 1474 776 1513 veniens
795 1478 1003 1513 sacratum

244 1542 394 1581 Mutus
413 1540 571 1592 accepit
590 1539 777 1579 modulos
795 1539 993 1589 loquelae,

244 1608 403 1648 Caecus
423 1607 580 1647 exultat
598 1606 740 1658 procul
759 1605 1018 1645 ambulantes

402 1674 577 1714 Cernere
596 1679 729 1713 notos.

245 1740 454 1791 Neapolis,
474 1739 607 1790 gaude
626 1738 815 1779 redimita
835 1738 953 1786 festa,

246 1806 401 1846 Plaude
421 1806 636 1846 caelestem
655 1805 832 1845 retinens
851 1810 1087 1855 patronum,

246 1873 378 1924 Quem
397 1873 474 1912 tibi
493 1885 677 1912 summus
696 1872 819 1911 decus
838 1877 880 1910 et
898 1870 1094 1922 juvamen

403 1938 615 1979 Praestitit
634 1944 790 1978 auctor.

246 2005 384 2057 Hujus
403 2019 427 2045 o
447 2005 622 2044 clemens
641 2005 796 2044 meritis
815 2009 974 2043 creator

249 2071 432 2113 Gloriam
450 2072 568 2111 nobis
586 2071 832 2121 veniamque
851 2069 1002 2118 confer,

248 2139 339 2189 Quo
359 2138 420 2178 tui
439 2138 573 2178 cultus
593 2151 714 2189 super
732 2143 843 2177 astra
862 2149 1022 2187 semper

404 2205 514 2244 Luce
533 2204 729 2243 fruamur.

251 2270 433 2311 Gloriam
451 2270 561 2321 patri
579 2283 813 2310 resonemus
832 2282 985 2318 omnes,

251 2336 435 2377 Gloriam
454 2336 619 2376 Christo
639 2336 840 2387 supplices
859 2347 1068 2384 canamus,

251 2403 359 2443 Cum
378 2403 528 2453 quibus
546 2408 713 2442 sanctus
732 2401 852 2442 simul
871 2407 913 2441 et
932 2406 1091 2441 creator

409 2468 584 2520 Spiritus
602 2474 758 2519 regnat.

1378 1201 1463 1252 (11)

1380 1532 1465 1585 (45)

1381 1598 1465 1650 (46)
